@comment{x-kbibtex-personnameformatting=<%l><, %f>}

@book{mencuccini,
	author = "Mencuccini, Corrado and Silvestrini, Vittorio",
	journal = "Liguori Ed",
	title = "{Fisica II (elettromagnetismo, ottica)}",
	year = "1988"
}

@book{freeman,
	author = "Freeman, M.",
	publisher = "Logos",
	title = "{L'esposizione fotografica}",
	year = "2010"
}

