@comment{x-kbibtex-personnameformatting=<%l><, %f>}

@book{Vajtai,
	author = "Vajtai, Robert",
	publisher = "Springer Science \& Business Media",
	title = "{Springer handbook of nanomaterials}",
	year = "2013"
}

@article{Chrisey,
	author = "Yan, Zijie and Chrisey, Douglas B",
	journal = "Journal of Photochemistry and Photobiology C: Photochemistry Reviews",
	number = "3",
	pages = "204--223",
	publisher = "Elsevier",
	title = "{Pulsed laser ablation in liquid for micro-/nanostructure generation}",
	volume = "13",
	year = "2012"
}

@book{Lindsay,
	author = "Lindsay, Stuart",
	publisher = "OUP Oxford",
	title = "{Introduction to nanoscience}",
	year = "2009"
}

@article{Mora,
	author = "Mora-Huertas, CE and Fessi, H and Elaissari, A",
	journal = "International journal of pharmaceutics",
	number = "1",
	pages = "113--142",
	publisher = "Elsevier",
	title = "{Polymer-based nanocapsules for drug delivery}",
	volume = "385",
	year = "2010"
}

