@comment{x-kbibtex-personnameformatting=<%l><, %f>}

@book{mencuccini,
	author = "Mencuccini, Corrado and Silvestrini, Vittorio",
	journal = "Liguori Ed",
	title = "{Fisica II (elettromagnetismo, ottica)}",
	year = "1988"
}

@book{sensibilita,
	author = "Wolfe, JM and others",
	publisher = "Zanichelli",
	title = "{Sensazione e percezione}",
	year = "2007"
}

@book{rayleigh,
	title = "{Atmospheric chemistry and physics: from air pollution to climate change}"
}

