@comment{x-kbibtex-personnameformatting=<%l><, %f>}

@incollection{encb,
	booktitle = "{Encyclop{\ae}dia Britannica Online}",
	title = "{Principles of physical science}",
	url = "http://www.britannica.com/science/principles-of-physical-science"
}

@inbook{bndl,
	booktitle = "{Boundless}",
	title = "{Models, Theories, and Laws}",
	url = "https://www.boundless.com/physics/textbooks/boundless-physics-textbook/the-basics-of-physics-1/the-basics-of-physics-31/models-theories-and-laws-195-6078"
}

@article{hrtm,
	author = "Hartmann, Stephan",
	journal = "Theories and models in scientific process",
	pages = "49--67",
	title = "{Models as a tool for theory construction: Some strategies of preliminary physics}",
	url = "http://philsci-archive.pitt.edu/2410/1/Models.pdf",
	year = "1995"
}

@inbook{stnf,
	booktitle = "{The Stanford Encyclopedia of Philosophy}",
	title = "{Models in Science}",
	url = "http://plato.stanford.edu/archives/fall2012/entries/models-science"
}

@article{hczhc,
	author = "Hoskinson, Anne-Marie and Couch, Brian A and Zwickl, Benjamin M and Hinko, Kathleen A and Caballero, Marcos D",
	journal = "American Journal of Physics",
	number = "5",
	pages = "434--441",
	publisher = "American Association of Physics Teachers",
	title = "{Bridging physics and biology teaching through modeling}",
	url = "http://arxiv.org/pdf/1308.3517v2",
	volume = "82",
	year = "2014"
}

