@comment{x-kbibtex-personnameformatting=<%l><, %f>}

@inproceedings{Casimir,
	author = "Casimir, Hendrick BG",
	booktitle = "{Proc. K. Ned. Akad. Wet}",
	number = "793",
	pages = "150",
	title = "{On the attraction between two perfectly conducting plates}",
	volume = "51",
	year = "1948"
}

@article{Lamoreaux,
	author = "Lamoreaux, Steve K",
	journal = "Physical Review Letters",
	number = "1",
	pages = "5",
	publisher = "APS",
	title = "{Demonstration of the Casimir force in the 0.6 to 6 $\mu$ m range}",
	volume = "78",
	year = "1997"
}

@article{wilson,
	author = "Wilson, CM and Johansson, G{\"o}ran and Pourkabirian, Arsalan and Simoen, Michael and Johansson, JR and Duty, Tim and Nori, F and Delsing, Per",
	journal = "Nature",
	number = "7373",
	pages = "376--379",
	publisher = "Nature Publishing Group",
	title = "{Observation of the dynamical Casimir effect in a superconducting circuit}",
	volume = "479",
	year = "2011"
}

@article{stassi,
	author = "Stassi, R and Ridolfo, A and {Di Stefano}, O and Hartmann, MJ and Savasta, S",
	journal = "Physical review letters",
	number = "24",
	pages = "243601",
	publisher = "APS",
	title = "{Spontaneous conversion from virtual to real photons in the ultrastrong-coupling regime}",
	volume = "110",
	year = "2013"
}

