@comment{x-kbibtex-personnameformatting=<%l><, %f>}

@article{lebedew1901untersuchungen,
	author = "Lebedew, P.",
	journal = "Annalen der Physik",
	number = "11",
	pages = "433--458",
	publisher = "Wiley Online Library",
	title = "{Untersuchungen {\"u}ber die Druckkr{\"a}fte des Lichtes}",
	volume = "311",
	year = "1901"
}

@article{nxcnons1901preliminary,
	author = "Nichols, E. F. and Hull, G. F.",
	title = "{A preliminary communication on the pressure of heat and light radiation}",
	year = "1901"
}

@article{ashkin1970acceleration,
	author = "Ashkin, A.",
	journal = "Physical review letters",
	number = "4",
	pages = "156",
	publisher = "APS",
	title = "{Acceleration and trapping of particles by radiation pressure}",
	volume = "24",
	year = "1970"
}

@article{ashkin2000history,
	author = "Ashkin, A.",
	journal = "Selected Topics in Quantum Electronics, IEEE Journal of",
	number = "6",
	pages = "841--856",
	publisher = "IEEE",
	title = "{History of optical trapping and manipulation of small-neutral particle, atoms, and molecules}",
	volume = "6",
	year = "2000"
}

@article{ashkin1971optical,
	author = "Ashkin, A. and Dziedzic, J. M.",
	journal = "Applied Physics Letters",
	number = "8",
	pages = "283--285",
	publisher = "AIP Publishing",
	title = "{Optical levitation by radiation pressure}",
	volume = "19",
	year = "1971"
}

@article{mcgloin2010forty,
	author = "McGloin, D. and Reid, J. P.",
	journal = "Optics and Photonics News",
	number = "3",
	pages = "20--26",
	publisher = "Optical Society of America",
	title = "{Forty years of optical manipulation}",
	volume = "21",
	year = "2010"
}

@article{omori1997observation,
	author = "Omori, R. and Kobayashi, T. and Suzuki, A.",
	journal = "Optics letters",
	number = "11",
	pages = "816--818",
	publisher = "Optical Society of America",
	title = "{Observation of a single-beam gradient-force optical trap for dielectric particles in air}",
	volume = "22",
	year = "1997"
}

@incollection{marago2010photonic,
	author = "Marag{\'o}, O. M. and Gucciardi, P. G. and Jones, P. H.",
	booktitle = "{Scanning Probe Microscopy in Nanoscience and Nanotechnology}",
	pages = "23--56",
	publisher = "Springer",
	title = "{Photonic force microscopy: from femtonewton force sensing to ultra-sensitive spectroscopy}",
	year = "2010"
}

@article{marago2013optical,
	author = "Marag{\'o}, O. M. and Jones, P. H. and Gucciardi, P. G. and Volpe, G. and Ferrari, A. C.",
	journal = "Nature nanotechnology",
	number = "11",
	pages = "807--819",
	publisher = "Nature Publishing Group",
	title = "{Optical trapping and manipulation of nanostructures}",
	volume = "8",
	year = "2013"
}

@article{rohrbach2005switching,
	author = "Rohrbach, A.",
	journal = "Optics express",
	number = "24",
	pages = "9695--9701",
	publisher = "Optical Society of America",
	title = "{Switching and measuring a force of 25 femtoNewtons with an optical trap}",
	volume = "13",
	year = "2005"
}

@article{magazzuoptical,
	author = "Magazz{\'u}, A. and Spadaro, D. and Donato, M. G. and Sayed, R. and Messina, E. and D{\rq}Andrea, C. and Foti, A. and Fazio, B. and Iat{\'i}, M. A. and Irrera, A. and others",
	journal = "Rendiconti Lincei",
	pages = "1--16",
	publisher = "Springer",
	title = "{Optical tweezers: a non-destructive tool for soft and biomaterial investigations}"
}

@article{xie2002near,
	author = "Xie, C. and Dinno, M. A. and Li, Y. Q.",
	journal = "Optics letters",
	number = "4",
	pages = "249--251",
	publisher = "Optical Society of America",
	title = "{Near-infrared Raman spectroscopy of single optically trapped biological cells}",
	volume = "27",
	year = "2002"
}

@article{guffey2010all,
	author = "Guffey, M. J. and Scherer, N. F.",
	journal = "Nano letters",
	number = "11",
	pages = "4302--4308",
	publisher = "ACS Publications",
	title = "{All-optical patterning of Au nanoparticles on surfaces using optical traps}",
	volume = "10",
	year = "2010"
}

@article{woerdemann2010dynamic,
	author = "Woerdemann, M. and Gl{\"a}sener, S. and H{\"o}rner, F. and Devaux, A. and {L. De Cola}, C. Denz",
	journal = "Advanced Materials",
	number = "37",
	pages = "4176--4179",
	publisher = "Wiley Online Library",
	title = "{Dynamic and reversible organization of zeolite L crystals induced by holographic optical tweezers}",
	volume = "22",
	year = "2010"
}

@article{jones2009rotation,
	author = "Jones, P. H. and Palmisano, F. and Bonaccorso, F. and Gucciardi, P. G. and Calogero, G. and Ferrari, A. C. and Marag{\'o}, O. M.",
	journal = "ACS nano",
	number = "10",
	pages = "3077--3084",
	publisher = "ACS Publications",
	title = "{Rotation detection in light-driven nanorotors}",
	volume = "3",
	year = "2009"
}

