@comment{x-kbibtex-personnameformatting=<%l><, %f>}

@article{gminus2,
	author = "Bennett, GW and Bousquet, B and Brown, HN and Bunce, G and Carey, RM and Cushman, P and Danby, GT and Debevec, PT and Deile, M and Deng, H and others",
	journal = "Physical review letters",
	number = "16",
	pages = "161802",
	publisher = "APS",
	title = "{Measurement of the negative muon anomalous magnetic moment to 0.7 ppm}",
	volume = "92",
	year = "2004"
}

@article{Fien,
	author = "Fienberg, AT and Alonzi, LP and Anastasi, A and Bjorkquist, R and Cauz, D and Fatemi, R and Ferrari, C and Fioretti, A and Fankenthal, A and Gabbanini, C and others",
	journal = "Nuclear Instruments and Methods in Physics Research Section A: Accelerators, Spectrometers, Detectors and Associated Equipment",
	pages = "12--21",
	publisher = "Elsevier",
	title = "{Studies of an array of PbF 2 Cherenkov crystals with large-area SiPM readout}",
	volume = "783",
	year = "2015"
}

@article{Ach,
	author = "Achenbach, P and Baunack, S and Grimm, K and Hammel, T and {Von Harrach}, D and Ginja, A Lopes and Maas, FE and Schilling, E and Str{\"o}her, H",
	journal = "Nuclear Instruments and Methods in Physics Research Section A: Accelerators, Spectrometers, Detectors and Associated Equipment",
	number = "2",
	pages = "318--328",
	publisher = "Elsevier",
	title = "{Measurements and simulations of Cherenkov light in lead fluoride crystals}",
	volume = "465",
	year = "2001"
}

